
@article{acemoglu,
Author = {Acemoglu, Daron and Ozdaglar, Asuman and Tahbaz-Salehi, Alireza},
Title = {Systemic Risk and Stability in Financial Networks},
Journal = {American Economic Review},
Volume = {105},
Number = {2},
Year = {2015},
Month = {February},
Pages = {564-608},
DOI = {10.1257/aer.20130456},
URL = {https://www.aeaweb.org/articles?id=10.1257/aer.20130456}}
